@article{foster2008reallocation,
  title={Reallocation, firm turnover, and efficiency: Selection on productivity or profitability?},
  author={Foster, Lucia and Haltiwanger, John and Syverson, Chad},
  journal={The American economic review},
  volume={98},
  number={1},
  pages={394--425},
  year={2008},
  publisher={American Economic Association}
}
@article{melo2009meta,
  title={A meta-analysis of estimates of urban agglomeration economies},
  author={Melo, Patricia C and Graham, Daniel J and Noland, Robert B},
  journal={Regional science and urban Economics},
  volume={39},
  number={3},
  pages={332--342},
  year={2009},
  publisher={Elsevier}
}
@article{levinsohn2003estimating,
  title={Estimating production functions using inputs to control for unobservables},
  author={Levinsohn, James and Petrin, Amil},
  journal={The Review of Economic Studies},
  volume={70},
  number={2},
  pages={317--341},
  year={2003},
  publisher={Oxford University Press}
}
@article{sorensen2014infrastruktur,
  title={Infrastruktur},
  author={S{\o}rensen, Peter Birch and Dalgaard, Carl-Johan and Gjersing, Agnete and Nikolaisen, Hans and Raaschou-Nielsen, Agnete and Schr{\"o}der, Philipp and Skaksen, Jan Rose and Sloth, Birgitte and S{\o}rensen, Anders},
  year={2014},
  publisher={Produktivitetskommissionen}
}
@article{graham2007agglomeration,
  title={Agglomeration, productivity and transport investment},
  author={Graham, Daniel J},
  journal={Journal of transport economics and policy (JTEP)},
  volume={41},
  number={3},
  pages={317--343},
  year={2007},
  publisher={Journal of Transport Economics and Policy}
}
@book{fujita2013economics,
  title={Economics of agglomeration: cities, industrial location, and globalization},
  author={Fujita, Masahisa and Thisse, Jacques-Fran{\c{c}}ois},
  year={2013},
  publisher={Cambridge university press}
}

